% sort

@article{Ramachandran,
  author    = {Vijaya Ramachandran and
               Elaine Shi},
  title     = {Data Oblivious Algorithms for Multicores},
  journal   = {CoRR},
  volume    = {abs/2008.00332},
  year      = {2020},
  url       = {https://arxiv.org/abs/2008.00332},
  archivePrefix = {arXiv},
  eprint    = {2008.00332},
  timestamp = {Fri, 07 Aug 2020 15:07:21 +0200},
  biburl    = {https://dblp.org/rec/journals/corr/abs-2008-00332.bib},
  bibsource = {dblp computer science bibliography, https://dblp.org}
}

@article{Vitter01,
  author    = {Jeffrey Scott Vitter},
  title     = {External memory algorithms and data structures},
  journal   = {{ACM} Comput. Surv.},
  volume    = {33},
  number    = {2},
  pages     = {209--271},
  year      = {2001}
}

@article{Vitter06,
  author    = {Jeffrey Scott Vitter},
  title     = {Algorithms and Data Structures for External Memory},
  journal   = {Foundations and Trends in Theoretical Computer Science},
  volume    = {2},
  number    = {4},
  pages     = {305--474},
  year      = {2006}
}

@inproceedings{ArgeFGV97,
  author    = {Lars Arge and
               Paolo Ferragina and
               Roberto Grossi and
               Jeffrey Scott Vitter},
  title     = {On Sorting Strings in External Memory (Extended Abstract)},
  booktitle = {{ACM} Symposium on the Theory
               of Computing (STOC '97)},
  pages     = {540--548},
  year      = {1997}
}


@article{RuemmlerW94,
  author    = {Chris Ruemmler and
               John Wilkes},
  title     = {An Introduction to Disk Drive Modeling},
  journal   = {{IEEE} Computer},
  volume    = {27},
  number    = {3},
  pages     = {17--28},
  year      = {1994}
}


@inproceedings{randpermnet,
  author    = {Artur Czumaj},
  title     = {Random Permutations using Switching Networks},
  booktitle = {{STOC}},
  pages     = {703--712},
  publisher = {{ACM}},
  year      = {2015}
}

@inproceedings{thorp01,
  author    = {Artur Czumaj and
               Berthold V{\"{o}}cking},
  title     = {Thorp Shuffling, Butterflies, and Non-Markovian Couplings},
  booktitle = {{ICALP} {(1)}},
  series    = {Lecture Notes in Computer Science},
  volume    = {8572},
  pages     = {344--355},
  publisher = {Springer},
  year      = {2014}
}


@inproceedings{bitonic,
  title={Sorting networks and their applications},
  author={Batcher, Kenneth E},
  booktitle={Proceedings of the April 30--May 2, 1968, spring joint computer conference},
  pages={307--314},
  year={1968},
  organization={ACM}
}

@inproceedings{aks,
  title={An {$0(n \log n)$} sorting network},
  author={Ajtai, Mikl{\'o}s and Koml{\'o}s, J{\'a}nos and Szemer{\'e}di, Endre},
  booktitle={Proceedings of the fifteenth annual ACM symposium on Theory of computing},
  pages={1--9},
  year={1983},
  organization={ACM}
}

@inproceedings{zigzag,
  title={Zig-zag sort: A simple deterministic data-oblivious sorting algorithm running in {$O(n \log n$} time},
  author={Goodrich, Michael T},
  booktitle={Proceedings of the forty-sixth annual ACM symposium on Theory of computing},
  pages={684--693},
  year={2014},
  organization={ACM}
}

@inproceedings{ohrimenko2014melbourne,
  title={The Melbourne shuffle: Improving oblivious storage in the cloud},
  author={Ohrimenko, Olga and Goodrich, Michael T and Tamassia, Roberto and Upfal, Eli},
  booktitle={International Colloquium on Automata, Languages, and Programming},
  pages={556--567},
  year={2014},
  organization={Springer}
}

@inproceedings{RandShellsort,
  title={Randomized {Shellsort}: A simple oblivious sorting algorithm},
  author={Goodrich, Michael T},
  booktitle={Proceedings of the twenty-first annual ACM-SIAM symposium on Discrete Algorithms},
  pages={1262--1277},
  year={2010},
  organization={SIAM}
}

% ORAMs

@article{goldreich1996software,
  title={Software protection and simulation on oblivious RAMs},
  author={Goldreich, Oded and Ostrovsky, Rafail},
  journal={Journal of the ACM},
  volume={43},
  number={3},
  pages={431--473},
  year={1996},
  publisher={ACM}
}

@inproceedings{goodrich2011privacy,
  title={Privacy-preserving access of outsourced data via oblivious {RAM} simulation},
  author={Goodrich, Michael T and Mitzenmacher, Michael},
  booktitle={International Colloquium on Automata, Languages, and Programming},
  pages={576--587},
  year={2011},
  organization={Springer}
}

@inproceedings{oblivgraphgoodrich,
 author = {Eppstein, David and Goodrich, Michael T. and Tamassia, Roberto},
 title = {Privacy-preserving Data-oblivious Geometric Algorithms for Geographic Data},
 booktitle = {Proceedings of the 18th SIGSPATIAL International Conference on Advances in Geographic Information Systems},
 year = {2010},
 pages = {13--22},
 numpages = {10},
 publisher = {ACM},
} 

@inproceedings{oblivistore,
 author = {Emil Stefanov and Elaine Shi},
 title = {ObliviStore: High Performance Oblivious Cloud Storage},
 booktitle = {Symposium on Security and Privacy},
 publisher = {IEEE},
 year = {2013},
}

@inproceedings{oblivm,
  author    = {Chang Liu and Xiao Shaun Wang and Kartik Nayak and Yan Huang and Elaine Shi},
  title     = {{ObliVM}: {A} Programming Framework for Secure Computation},
 booktitle = {Symposium on Security and Privacy},
 publisher = {IEEE},
  year      = {2015},
}

@inproceedings{graphsc,
   title={{GraphSC}: Parallel Secure Computation Made Easy},
   author={Kartik Nayak and Xiao Shaun Wang and Stratis Ioannidis and Udi Weinsberg and Nina Taft and Elaine Shi},
 booktitle = {Symposium on Security and Privacy},
 publisher = {IEEE},
   year = {2015}
}

@article{fletcher2015bucket,
  title={Bucket {ORAM}: Single Online Roundtrip, Constant Bandwidth Oblivious {RAM}.},
  author={Fletcher, Christopher W and Naveed, Muhammad and Ren, Ling and Shi, Elaine and Stefanov, Emil},
  journal={Cryptology ePrint Archive},
   publisher = {IACR},
  year={2015}
}

@inproceedings{AsharovCNPRS19,
  title={Locality-preserving oblivious {RAM}},
  author={Asharov, Gilad and Chan, T-H Hubert and Nayak, Kartik and Pass, Rafael and Ren, Ling and Shi, Elaine},
  booktitle={Annual International Conference on the Theory and Applications of Cryptographic Techniques},
  pages={214--243},
  year={2019},
  organization={Springer}
}

@article{asharov2018optorama,
  title={{OptORAMa:} Optimal Oblivious {RAM}.},
  author={Asharov, Gilad and Komargodski, Ilan and Lin, Wei-Kai and Nayak, Kartik and Peserico, Enoch and Shi, Elaine},
  journal={Cryptology ePrint Archive},
   publisher = {IACR},
  year={2018}
}
